@misc{Nakamoto:2008,
	author={Satoshi Nakamoto},
	title={Bitcoin: A Peer-to-Peer Electronic Cash System},
	year={2008},
	url={https://bitcoin.org/bitcoin.pdf},
}

@article{Johnson:2001,
	author={Don Johnson and Alfred Menezes and Scott Vanstone},
	title={The Elliptic Curve Digital Signature Algorithm ({ECDSA})},
	journal={International Journal of Information Security},
	volume={1}, 
	pages={36--63},
	year={2001},
}

@inproceedings{Monaco:2015,
	author={Monaco, John V.},
	title={Identifying {Bitcoin} users by transaction behavior},
	booktitle={Proceedings of the SPIE}, 
	volume={9457}, 
	year={2015},
}

@inproceedings{Suhaili:2017,
	author={Shamsiah binti Suhaili and Takahiro Watanabe},
	title={Design of high-throughput {SHA-256} hash function based on {FPGA}},
	booktitle={6th International Conference on Electrical Engineering and Informatics (ICEEI)},
	year={2017},
	location={Langkawi, Malaysia},
}

@inproceedings{Zhang:2019,
	author={Xiaoyong Zhang and Ruizhen WU and Mingming Wang and Lin Wang},
	title={A High-Performance Parallel Computation Hardware Architecture in {ASIC} of {SHA-256} Hash},
	booktitle={21st International Conference on Advanced Communication Technology (ICACT)},
	year={2019},
	location={PyeongChang, Korea (South)},
}

@inproceedings{Demba:2018,
	author={Albert Demba and Dietmar P. F. M\"{o}ller},
	title={Vehicle-to-Vehicle Communication Technology},
	booktitle={IEEE International Conference on Electro/Information Technology (EIT)},
	year={2018},
	location={Rochester, MI, USA}
}

@techreport{Gopalan:0000,
	author={Anandha Gopalan and Taieb Znati},
	title={{V2V-Net}: A Vehicle-to-Vehicle Overlay Structure for Service Deployment in Vehicular Ad HocNetworks},
	institution={University of Pittsburgh},
	url={https://www.doc.ic.ac.uk/~axgopala/papers/tr-06-132.pdf},
	year={unknown},
	urldate={18-May-2021},
}

@article{Taleb:2007,
	author={Tarik Taleb and Ehssan Sakhaee and Abbas Jamalipour and Kazuo Hashimoto and Nei Kato and Yoshiaki Nemoto},
	title={A Stable Routing Protocol to Support {ITS} Services in {VANET} Networks},
	journal={IEEE Transactions on Vehicular Technology},
	volume={56}, 
	number={6}, 
	month=nov
	year={2007},
}

@inproceedings{Andreica:2019,
	author={Tudor Andreica and Bogdan Groza},
	title={Secure {V2V} Communication with Identity-based Cryptography from License Plate Recognition},
	booktitle={Sixth International Conference on Internet of Things: Systems, Management and Security (IOTSMS)},
	year={2019},
	location={Granada, Spain},
}

@inproceedings{Chaurasia:2008,
	author={Brijesh Kumar Chaurasia and Shekhar Verma and S. M. Bhasker},
	title={Message broadcast in {VANET}s using group signature},
	booktitle={Fourth International Conference on Wireless Communication and Sensor Networks},
	year={2008},
	location={Indore, India},
}

@article{Aliev:2020,
	author={Hayotjon Aliev and HyungWon Kim and Sunghyun Choi},
	title={A Scalable and Secure Group Key Management Method for Secure {V2V} Communication},
	journal={Sensors},
	year={2020},
	month=nov,
	volume={20},
	number={21},
}

@inproceedings{Camenisch:2020,
	author={Jan Camenisch and Manu Drijvers and Anja Lehmann and Gregory Neven and Patrick Towa},
	title={Zone Encryption with Anonymous Authentication for {V2V} Communication},
	booktitle={Euro S\&P},
	year={2020}, 
	location={Genoa, Italy},
}

@article{Biswas:2013,
	author={Subir Biswas and Jelena Mi\v{s}i\'{c}},
	title={A cross-layer approach to privacy-preserving authentication in {WAVE}-enabled {VANET}s},
	journal={IEEE Transactions on Vehicular Technology},
	volume={62},
	number={5},
	pages={2182--2192},
	month=jun,
	year={2013},
}

@article{Lamport:1982,
	author = {Lamport, Leslie and Shostak, Robert and Pease, Marshall},
	title = {The {Byzantine} Generals Problem},
	journal={ACM Transactions on Programming Languages and Systems},
	volume = {4},
	number={3},
	month = jul,
	year = {1982},
	pages = {382--401},
}

@misc{Rauchs:2018,
	author={Rauchs, Michel and Glidden, Andrew and Gordon, Brian and Pieters, Gina C. and Recanatini, Martino 
		and Rostand, Fran\c{c}ois and Vagneur, Kathryn and Zhang, Bryan Zheng}, 
	title={Distributed Ledger Technology Systems: A Conceptual Framework},
	year={2018}, 
	url={https://papers.ssrn.com/sol3/papers.cfm?abstract_id=3230013},
}

@book{Narayanan:2016,
	author={Arvind Narayanan and Joseph Bonneau and Edward Felten and Andrew Miller and Steven Goldfeder},
	title={Bitcoin and Cryptocurrency Technologies: A Comprehensive Introduction},
	publisher={Princeton University Press},
	year={2016},
}

@article{Adeyemi:2020,
	author={Adetomike Adeyemi and Mingyu Yan and Mohammad Shahidehpour and Cristina Botero and Alba Valbuena Guerra
		and Niroj Gurung and Liuxi (Calvin) Zhang and Aleksi Paaso},
	title={Blockchain technology applications in power distribution systems},
	journal={The Electricity Journal},
	volume={33}, 
	number={8}, 
	month=oct,
	year={2020},
} 

@article{Lu:2019,
	author={Hongfang Lu and Kun Huang and Mohammadamin Azimi and Lijun Guo},
	title={Blockchain Technology in the Oil and Gas Industry: A Review of Applications, Opportunities, Challenges, and Risks}
	month=mar,
	year={2019},
	journal={IEEE Access},
	volume={9},
	number={1},
	pages={41426--41444},
}
	
@article{Ding:2019,
	author={Derui Ding and Qing-Long Han and Zidong Wang and Xiaohua Ge},
	title={A Survey on Model-Based Distributed Control and Filtering for Industrial Cyber-Physical Systems},
	journal={IEEE Transactions on Industrial Informatics},
	volume={15}, 
	number={5}, 
	month=may,
	year={2019},
	page={2483--2499},
}

@inproceedings{Shukla:2018,
	author={Anshu Shukla and Swarup Kumar Mohalik and Ramamurthy Badrinath},
	title={Smart Contracts for Multiagent Plan Execution in Untrusted Cyber-Physical Systems},
	booktitle={IEEE 25th International Conference on High Performance Computing Workshops (HiPCW)},
	year={2018},
	location={Bengaluru, India},
}

@article{Kuhn:2019,
	author={Rick Kuhn and Dylan Yaga and Jeffrey Voas},
	title={Rethinking Distributed Ledger Technology},
	journal={Computer},
	volume={52},
	number={2},
	month=feb,
	year={2019},
	pages={68--72},
}

@inbook{Vukolic:2016,
	author={Vukoli\'{c}, Marko},
	year={2016},
 	title={The Quest for Scalable Blockchain Fabric: Proof-of-Work vs. BFT Replication},
	editor={Camenisch, J and Kesdo\v{g}an, D},
	booktitle={Open Problems in Network Security},
	series={iNetSec 2015. Lecture Notes in Computer Science, vol 9591},
	publisher={Springer}, 
}

@article{Reyna:2018,
	author={Ana Reyna and Cristian Mart\'{i}n and Jaime Chen and Enrique Soler and ManuelD\'{i}az},
	title={On blockchain and its integration with IoT. Challenges and opportunities},
	journal={Future Generation Computer Systems},
	volume={88}, 
	month=nov,
	year={2018}, 
	pages={173--190},
}

@inproceedings{Dorri:2017,
	author={Dorri, Ali and Kanhere, Salil S. and Jurdak, Raja and Gauravaram, Praveen},
  	title={Blockchain for IoT security and privacy: The case study of a smart home}, 
  	booktitle={IEEE International Conference on Pervasive Computing and Communications Workshops (PerCom Workshops)}, 
  	year={2017},
  	pages={618-623},
	location={Kona, HI, USA},
}


@article{Panarello:2018,
	author={Alfonso Panarello and Nachiket Tapas and Giovanni Merlino and Francesco Longo and Antonio Puliafito},
	title={Blockchain and IoT Integration: A Systematic Survey},
	journal={Sensors},
	month=aug,
	year={2018}, 
	volume={18},
	number={8},
}

@article{Elagin:2020,
	author={Vasiliy Elagin and Anastasia Spirkina and Mikhail Buinevich and Andrei Vladyko},
	title={Technological Aspects of Blockchain Application for Vehicle-to-Network},
	journal={Information},
	mon=sep,
	year={2020}, 
	volume={11}, 
	number={10},
}

@article{Dorri:2019,
	author={Ali Dorri and Salil S. Kanhere and Raja Jurdak and Praveen Gauravaram},
	title={{LSB}: A Lightweight Scalable BlockChain for IoT Security and Privacy},
	journal={Journal of Parallel and Distributed Computing},
	vol={134}, 
	month=dec,
	year={2019},
	pages={180--197},
}

@article{Novo:2018,
	author={Oscar Novo},
	title={Blockchain Meets {IoT}: An Architecture for Scalable Access Management in {IoT}},
	journal={IEEE Internet of Things Journal},
	vol={5},
	number={2},
	month=apr,
	year={2018}, 
}

@misc{Popov:2018,
  	author={S. Popov},
  	title={The tangle. Version 1.4.3},
	url={https://assets.ctfassets.net/r1dr6vzfxhev/2t4uxvsIqk0EUau6g2sw0g/45eae33637ca92f85dd9f4a3a218e1ec/iota1\_4\_3.pdf},
	month=apr,
  	year={2018}
}

@article{Brassard:1997,
	author = {Brassard, Gilles and H\o{}yer, Peter and Tapp, Alain},
	title = {Quantum Cryptanalysis of Hash and Claw-Free Functions},
	year = {1997},
	journal = {SIGACT News},
	volume = {28},
	number = {2},
	month = jun,
	pages = {14â€“19},
}

@techreport{Baird:2016,
	author={Leemon Baird},
	title={THE SWIRLDS HASHGRAPH CONSENSUS ALGORITHM: FAIR, FAST, BYZANTINE FAULT TOLERANCE},
	url={https://eclass.upatras.gr/modules/document/file.php/CEID1175/Pool-of-Research-Papers\%5B0\%5D/31.HASH-GRAPH.pdf},
	institution={SWIRLDS},
	number={SWIRLDS-TR-2016-01},
	year={2016},
}

@article{Ferdous:2021,
	author={Md Sadek Ferdous and Mohammad Jabed Morshed Chowdhury and Mohammad A.Hoque},
	title={A survey of consensus algorithms in public blockchain systems for crypto-currencies},
	journal={Journal of Network and Computer Applications},
	volume={182}, 
	month=may,
	year={2021}, 
}

@misc{Popov:2018,
	author={Serguei Popov},
	title={The Tangle (Version 1.4.3)},
	url={https://assets.ctfassets.net/r1dr6vzfxhev/2t4uxvsIqk0EUau6g2sw0g/45eae33637ca92f85dd9f4a3a218e1ec/iota1\_4\_3.pdf},
	month=apr,
	year={2018},
}
@article{Popov:2019,
	author = {Serguei Popov and Olivia Saa and Paulo Finardi},
	title = {Equilibria in the tangle},
	journal = {Computers \& Industrial Engineering},
	volume = {136},
	pages = {160--172},
	year = {2019},
}

@techreport{Baird:2016:1,
	author={Leemon Baird},
	title={HASHGRAPH CONSENSUS: FAIR, FAST, BYZANTINE FAULT TOLERANCE},
	institution={SWIRLDS},
	year={2016},
	month=may,
	number={TR-2016-01},
}

@techreport{Baird:2016:2,
	author={Leemon Baird},
	title={HASHGRAPH CONSENSUS: DETAILED EXAMPLES},
	institution={SWIRLDS},
	year={2016},
	month=dec,
	number={TR-2016-02},
}

@article{Salimitari:2019,
	author={Mehrdad Salimitari and Mainak Chatterjee},
	title={A Survey on Consensus Protocols in Blockchain for IoT Networks},
	journal=CoRR,
	month=jun,
	year={2019},
	url={https://arxiv.org/abs/1809.05613},
}

@article{Fan:2018,
	author={Kai Fan and Yanhui Ren and Yue Wang and Hui Li and Yingtang Yang},
	title={Blockchain-based efficient privacy preserving and data sharing scheme of content-centric network in {5G}},
	volume={12}, 
	number={5}, 
	month=mar,
	year={2018},
	pages={527--532},
}

@inproceedings{Liang:2017,
	author={Xueping Liang and Juan Zhao and Sachin Shetty and Jihong Liu; Danyi Li},
	title={Integrating blockchain for data sharing and collaboration in mobile healthcare applications},
	booktitle={2017 IEEE 28th Annual International Symposium on Personal, Indoor, and Mobile Radio Communications (PIMRC)},
	year={2018},
	location={Montreal, QC, Canada},
}

@article{Li:2018,
	author={Zhetao Li and Jiawen Kang and Rong Yu and Dongdong Ye and Qingyong Deng and Yan Zhang},
	title={Consortium Blockchain for Secure Energy Trading in Industrial Internet of Things},
	journal={IEEE Transactions on Industrial Informatics},
	volume={14}, 
	number={8}, 
	month=aug, 
	year={2018},
	pages={3690--3700}, 
}

@article{Khor:2021,
	author={JingHuey Khor and Michail Sidorov and PehYee Woon},
	title={Public Blockchains for Resource-constrained IoT Devices - A State of the Art Survey},
	journal={IEEE Internet of Things},
	year={In press},
}

@inproceedings{Batubara:2018,
	author = {Batubara, F. Rizal and Ubacht, Jolien and Janssen, Marijn},
	title = {Challenges of Blockchain Technology Adoption for E-Government: A Systematic Literature Review},
	year = {2018},
	booktitle = {Proceedings of the 19th Annual International Conference on Digital Government Research: Governance in the Data Age},
	location = {Delft, The Netherlands},
}

@article{Bodkhe:2020,
	author={Umesh Bodkhe and Sudeep Tanwar and Karan Parekh and Pimal Khanpara and Sudhanshu Tyagi and Neeraj Kumar and Mamoun Alazab},
	title={Blockchain for Industry 4.0: A Comprehensive Review},
	journal={IEEE Access},
	volume={8},
	pages={79764--79800},
	month=apr,
	year={2020},
}
  
@inproceedings{Mettler:2016,
	author={Matthias Mettler},
	title={Blockchain technology in healthcare: The revolution starts here},
	booktitle={IEEE 18th International Conference on e-Health Networking, Applications and Services (Healthcom)},
	year={2016},
	month=nov,
	location={Munich, Germany},
} 

@article{Fernandez-Carames:2020,
	author={Tiago M. Fern\'{a}ndez-Caram\`{e}s and Paula Fraga-Lamas},
	title={Towards Post-Quantum Blockchain: A Review on Blockchain Cryptography Resistant to Quantum Computing Attacks},
	journal={IEEE Access},
	volume={8},
	pages={21091--21116},
	mon=jan,
	year={2020},
}

@article{Castro:2002,
	author = {Castro, Miguel and Liskov, Barbara},
	title = {Practical Byzantine Fault Tolerance and Proactive Recovery},
	year = {2002},
	volume = {20},
	number = {4},
	journal = {ACM Transactions on Computing Systems},
	month = nov,
	pages = {398--461},
}

@misc{Buterin:2013,
	author={V. Buterin}, 
	title={Dagger: A Memory-Hard to Compute Memory-Easy to Verify Scrypt Alternative}, 
	year={2013}, 
	url={http://www.hashcash.org/papers/dagger.html},
}
  
@inbook{Merkle:1989,
	author={Ralph C. Merkle},
	year={1989},
	title={A certified digital signature},
	editor={Brassard, G},
	booktitle={Advances in cryptology â€” CRYPTOâ€™ 89 Proceedings. Lecture notes in computer science}, 
	volume={435}, 
	publisher={Springer}, 
	series={CRYPTO 1989},
	pages={218--238},
}

@inproceedings{Garay:2020,
	author={Juan Garay and Aggelos Kiayias},
	title={{SoK}: A Consensus Taxonomy in the Blockchain Era},
	editor={Jarecki, S.},
	booktitle={Topics in Cryptology. Lecture Notes in Computer Science}, 
	series={CT-RSA 2020},
	volume={12006},
	publisher={Springer}, 
	year={2020},
}
