% -- distributed knowledge --

@inbook{Sowa:1992,
        author={John F. Sowa},
        title={Semantic Networks},
        editor={Stuart C. Shapiro},
        booktitle={Encyclopedia of Artificial Intelligence},
        edition={2nd},
        publisher={John Wiley \& Sons},
        year={1992}
}

@techreport{RDF:2004,
	editor={Frank Manola and Eric Miller},
	title={{RDF} Primer: {W3C} Recommendation},
	institution={World-Wide Web Consortium (W3C)},
	year={2004},
	url={https://www.w3.org/TR/rdf-primer/}
}

@techreport{XSD:2012,
	editor={Shudi (Sandy) Gao and C. M. Sperberg-McQueen and Henry S. Thompson}, 
	title={{W3C XML} Schema Definition Language {(XSD)} 1.1 Part 1: Structures},
	institution={World-Wide Web Consortium (W3C)},
	year={2012},
	url={https://www.w3.org/TR/xmlschema11-1/},
}


@techreport{Berners-Lee:2011,
	author={Tim Berners-Lee and Dan Connolly},
	title={Notation3 ({N3}): A readable {RDF} syntax},
	institution={World-Wide Web Consortium (W3C)},
	year={2011},
	url={https://www.w3.org/TeamSubmission/n3/}
}


@article{Decker:2000,
	author={Stefan Decker and Prasenjit Mitra and Sergey Melnik}, 
	title={Framework for the Semantic Web: An {RDF} Tutorial},
	journal={IEEE Internet Computing},
	month={November -- December},
	year={2000},
}

@techreport{Berners-Lee:2003,
	author={Tim Berners-Lee and Dan Connolly and Sandro Hawke},
	title={Semantic WebTutorial Using {N3}},
	institution={World-Wide Web Consortium (W3C)},
	year={2003},
	url={https://www.w3.org/2000/10/swap/doc/tutorial-1.pdf},
}

@techreport{RDFS:2014,
	editor={Dan Brickley and R.V. Guha},
	title={{RDF} Schema 1.1: {W3C} Recommendation},
	institution={World-Wide Web Consortium (W3C)},
	year={2014},
	url={https://www.w3.org/TR/rdf-schema/\#bib-RDF11-CONCEPTS},
}

@techreport{Turtle:2011,
	editor={David Beckett and Tim Berners-Lee}, 
	title={Turtle -- Terse {RDF} Triple Language},
	institution={World-Wide Web Consortium (W3C)},
	year={2011},
	url={https://www.w3.org/TeamSubmission/turtle/}
}

@techreport{RDF-XML:2014,
	editor={Fabien Gandon and Guus Schreiber},
	title={{RDF} 1.1 {XML} Syntax},
	institution={World-Wide Web Consortium (W3C)},
	year={2014},
	url={https://www.w3.org/TR/rdf-syntax-grammar/},
}

@techreport{OWL:2004,
	editor={Michael K. Smith and Chris Welty and Deborah L. McGuinness}, 
	title={{OWL} Web Ontology Language Guide},
	institution={World-Wide Web Consortium (W3C)},
	year={2004},
	url={https://www.w3.org/TR/owl-guide/}
}

@techreport{SPARQL:2013,
	editor={Steve Harris and Andy Seaborne},
	title={{SPARQL} 1.1 Query Language},
	institution={World-Wide Web Consortium (W3C)},
	year={2013},
	url={https://www.w3.org/TR/sparql11-query/}
}

@techreport{Minsky:1974,
        author={Marvin Minsky},
        title={A Framework for Representing Knowledge},
        institution={MIT},
        number={AIM-306},
        year={1974},
        url={https://dspace.mit.edu/handle/1721.1/6089},
}


@inproceedings{Golbeck:2008,
	author={Jennifer Golbeck and Matthew Rothstein},
	title={Linking Social Networks on the Web with {FOAF}: A Semantic Web Case Study},
	booktitle={Proceedings of the Twenty-Third AAAI Conference on Artificial Intelligence},
	series={AAAI'2008},
	year={2008},
}

@article{Graves:2007,
	author={Mike Graves and Adam Constabaris and Dan Brickley},
	title={{FOAF}: Connecting People on the Semantic Web},
	journal = {Cataloging \& Classification Quarterly},
	volume = {43},
	number = {3-4},
	pages = {191-202},
	year  = {2007},
}

@article{Roelofsen:2007,
	author = {Floris Roelofsen},
	title = {Distributed knowledge},
	journal = {Journal of Applied Non-Classical Logics},
	volume = {17},
	number = {2},
	pages = {255--273},
	year  = {2007},
}

@article{Bizer:2009,
	author = {Christian Bizer and Jens Lehmann and Georgi Kobilarov and S\"{o}ren Auer 
		and Christian Becker and Richard Cyganiak and Sebastian Hellmann},
	title = {{DBpedia} -- A crystallization point for the Web of Data},
	journal = {Journal of Web Semantics},
	volume = {7},
	number = {3},
	pages = {154 -- 165},
	year = {2009},
}

@article{Lehman:2015,
	author={Jens Lehmann and Robert Isele and Max Jakob and Anja Jentzsch and Dimitris Kontokostas 
		and Pablo N. Mendes and Sebastian Hellmann and Mohamed Morsey and Patrick van Kleef and S\"{o}ren Auer 
		and Christian Bizer},
	title={{DBpedia} -- A Large-scale, Multilingual Knowledge Base Extracted from {Wikipedia}},
	journal={Semantic Web},
	volume={6}, 
	issue={2}, 
	pages={167--195}, 
	year={2015},
}

@aricle{Ozsu:2016,
	author= {M. Tamer \"{O}zsu},
	title={A survey of RDF data management systems},
	journal={Frontiers of Computer Science},
       	volume={10}, 
	number={3},
	year={2016},
       	pages={418--432},
}

@inproceedings{Khadilkar:2012,
	author={Vaibhav Khadilkar and Murat Kantarcioglu and Bhavani M. Thuraisingham and and Paolo Castagna},
	title={{Jena-HBase}: A distributed, scalable and effcient {RDF} triple store},
	booktitle={Proceedings of the ISWC 2012 Posters \& Demonstrations Track},
	year={2012}, 
}

@inproceedings{Owens:2009,
	author={Owens, Alisdair and Seaborne, Andy and Gibbins, Nick and schraefel, MC},
       	title={Clustered {TDB}: A Clustered Triple Store for Jena}, 
	booktitle={World-Wide Web Conference},
	location={Madrid, Spain},
	year={2009},
}

@inproceedings{Rohloff:2010,
	author = {Rohloff, Kurt and Schantz, Richard E.},
	title = {High-Performance, Massively Scalable Distributed Systems Using the {MapReduce} Software Framework: The {SHARD} Triple-Store},
	year = {2010},
	booktitle = {Programming Support Innovations for Emerging Distributed Applications},
	location = {Reno, Nevada},
	series = {PSI EtA ’10}
}

@inproceedings{papailiou:2014,
	author = {Papailiou, Nikolaos and Tsoumakos, Dimitrios and Konstantinou, Ioannis and Karras, Panagiotis and Koziris, Nectarios},
	title = {{H$_2$RDF+}: An Efficient Data Management System for Big {RDF} Graphs},
	year = {2014},
	booktitle = {Proceedings of the 2014 ACM SIGMOD International Conference on Management of Data},
	pages = {909–912},
	location = {Snowbird, Utah, USA},
	series = {SIGMOD ’14},
}

@inproceedings{Stuckenschmidt:2004,
	author = {Stuckenschmidt, Heiner and Vdovjak, Richard and Houben, Geert-Jan and Broekstra, Jeen},
	title = {Index Structures and Algorithms for Querying Distributed RDF Repositories},
	year = {2004},
	booktitle = {Proceedings of the 13th International Conference on World Wide Web},
	pages = {631–639},
	location = {New York, NY, USA},
	series = {WWW ’04}
}

@inbook{Hose:2011,
	author={Katja Hose and Ralf Schenkel and Martin Theobald and Gerhard Weikum},
	title={Database Foundations for Scalable RDF Processing},
	booktitle={Reasoning Web International Summer School: Semantic Technologies for the Web of Data},
	publisher={Springer},
       	series={Reasoning Web 2011},
	pages={202--249},
	year={2011},
}

@article{Wylot:2018,
	author = {Wylot, Marcin and Hauswirth, Manfred and Cudr\'{e}-Mauroux, Philippe and Sakr, Sherif},
	title = {RDF Data Storage and Query Processing Schemes: A Survey},
	month = {september},
	year = {2018},
	volume = {51},
	number = {4},
	journal = {ACM Computing Survey},
}

@inproceedings{Guting:1994,
	author = {G\"{u}ting, Ralf Hartmut},
	title = {GraphDB: Modeling and Querying Graphs in Databases},
	year = {1994},
	booktitle = {Proceedings of the 20th International Conference on Very Large Data Bases},
	series = {VLDB ’94},
	pages = {297–308},
	address = {San Francisco, CA, USA},
}

@article{Zou:2014,
	author={Lei Zou and M. Tamer \"{O}zsu and Lei Chen and Xuchuan Shen and Ruizhe Huang  and Dongyan Zhao},
	title={{gStore}: a graph-based {SPARQL} query engine},
	journal={The VLDB Journal},
	volume={23}, 
	pages={565--590},
	year={2014},
}
  
@inproceedings{Prasad:1993,
	 author={L. Prasad and S. S. Iyengar and R. Rao and R. L. Kashyap},
	 booktitle={Proceedings of IEEE Systems Man and Cybernetics Conference (SMC)},
	 title={Fault-tolerant integration of abstract sensor estimates using multiresolution decomposition},
	 year={1993},
	 volume={5},
	 pages={171--176},
	 location={Le Touquet, France},
}

@inproceedings{Makareno:2009,
	author={Alexei Makarenko and Alex Brooks and Tobias Kaupp and Hugh Durrant-Whyte and Frank Dellaert},
	title={Decentralised Data Fusion: A Graphical Model Approach},
	booktitle={Proceedings of 12th International Conference on Information Fusion},
	location={Seattle, WA, USA}, 
	month={July},
	year={2009},
}

@article{Ghosh:2004,
        author = {Hiranmay Ghosh and Santanu Chaudhury},
        title = {Distributed and Reactive Query Planning in {R-MAGIC}: An Agent-Based Multimedia Retrieval System},
        journal = {IEEE Transactions on Knowledge Data Engineering},
        volume = {16},
        number = {9},
        month = {September},
        year = {2004},
        pages = {1082--1095}
}

@misc{Welch:1995,
	author={Greg Welch and Gary Bishop},
	title={An Introduction to the {Kalman} Filter},
	year={1995},
	url={http://citeseerx.ist.psu.edu/viewdoc/download?doi=10.1.1.336.5576},
}

@INPROCEEDINGS{Ali:2014,
	author={Liaquat Ali and Thomas Janson and Christian Schindelhauer},
	title={Towards Load Balancing and Parallelizing of RDF Query Processing in {P2P} Based Distributed {RDF} Data Stores},
	booktitle={22nd Euromicro International Conference on Parallel, Distributed, and Network-Based Processing},
	year={2014},
	pages={307--311},
	location={Torino, Italy},
}
@inproceedings{Goel:2017:1,
        author={Deepti Goel and Santanu Chaudhury and Hiranmay Ghosh},
        title={Smart Water Management: An Ontology-Driven Context-Aware {IoT} Application},
        booktitle=PReMI,
        series={PReMI '17},
        year={2017},
        pages={639--646},
}

@inproceedings{Goel:2017:2,
        author={Deepti Goel and Santanu Chaudhury and Hiranmay Ghosh},
        title={An {IoT} Approach for Context-aware Smart Traffic Management Using Ontology},
        booktitle=WI-IAT,
        series={WI-IAT '17},
        year={2017},
        pages={639--646},
}

@article{Compton:2012,
	author={Michael Compton and Payam Barnaghi and Luis Bermudez and Ra\'{u}l Garc\'{i}a-Castro and Oscar Corcho
		and Simon Cox and  John Graybeal and Manfred Hauswirth and Cory Henson and Arthur Herzog and Vincent Huang 
		and Krzysztof Janowicz and W. David Kelsey and Danh Le Phuoc and Laurent Lefort and Myriam Leggieri 
		and Holger Neuhaus and Andriy Nikolov and Kevin Page and Alexandre Passant and Amit Sheth and Kerry Taylor},
	title={The {SSN} ontology of the {W3C} semantic sensor network incubator group},
	journal={Web Semantics: Science, Services and Agents on the World Wide Web},	
	volume={17}, 
	year={2012}, 
	pages={25--32},
}

@inproceedings{Ding:2004,
        author = {Ding, Zhongli and Peng, Yun},
        title = {A Probabilistic Extension to Ontology Language OWL},
        booktitle = {Proceedings of the Proceedings of the 37th Annual Hawaii International Conference on
                System Sciences (HICSS'04) - Track 4 - Volume 4},
        publisher = {IEEE Computer Society},
        address = {Washington, DC, USA},
        year={2004}
} 

@book{Chaudhury:2015,
        author = {Chaudhury, Santanu and Mallik, Anupama and Ghosh, Hiranmay},
        title={Multimedia Ontology: Representation and Applications},
        publisher={CRC Press},
        year={2015},
}

@inbook{Taylor:2011,
	author={Kerry Taylor and Lucas Leidinger},
	year={2011},
	title={Ontology-Driven Complex Event Processing in Heterogeneous Sensor Networks},
       	editor={Grigoris Antoniou and Marko Grobelnik and Elena Simperl and Bijan Parsia and Dimitris Plexousakis},
       	booktitle={The Semanic Web: Research and Applications},
	series={ESWC 2011. Lecture Notes in Computer Science, vol 6644},
       	publisher={Springer}, 
}

@article{deAlmeida:2020,
	author={Vitor Pinheiro de Almeida and Sukanya Bhowmik and Markus Endler and Kurt Rothermel},
	title={{DSCEP:} An Infrastructure for Distributed Semantic Complex Event Processing},
	journal={Computing Research Repository},
	month={February},
	year={2020},
	url={https://arxiv.org/pdf/2002.05869.pdf}
}

@misc{Stanford:2020,
	title={Mental Representation},
	booktitle={Stanford Encyclopedia of Philosophy},
	institution={Stanford University},
	year={2020},
}

@inproceedings{Aleman-Meza:2007,
	author={Boanerges Aleman-Meza and Uldis Boj\={a}rs and Harold Boley and John G. Breslin and Malgorzata Mochol and 
		Lyndon J.B. Nixon4, Axel Polleres and Anna V. Zhdanov},
	year={2007},
	title={Combining {RDF} Vocabularies for Expert Finding},
	editor={Franconi, E. and Kifer M. and May W.},
	booktitle={The Semantic Web: Research and Applications. Lecture Notes in Computer Science}, 
	volume={4519}, 
	publisher={Springer}, 
	series={ESWC 2007}, 
}

@misc{Berners-Lee:2009,
	author={Tim Berners-Lee},
	title={Linked Data},
	year={2009},
	url={https://www.w3.org/DesignIssues/LinkedData},
}

@inbook{Gruber:2008,
	author={Tom Gruber},
	title={Ontology}, 
	booktitle={Encyclopedia of Database Systems}, 
	editor={Ling Liu and M. Tamer \"{O}zsu}, 
	publisher={Springer-Verlag}, 
	year={2008},
}

@inproceedings{Keskisarkka:2013,
	title={Semantic Complex Event Processing for Social Media Monitoring -- A Survey},
	author={Robin Keskis\"{a}rkk\"{a} and Eva Blomqvist},
	booktitle={SMILE 2013, Social Media and Linked Data for Emergency Response},
	location={Montpellier, France}, 
	month={May},
	year={2013},
}
	 
@inproceedings{Scherp:2009,
	author={Ansgar Scherp and Thomas Franz and Carsten Saathoff and Steffen Staab},
	title={F - A model of events based on the foundational ontology {DOLCE+DnS} ultralite},
	booktitle={Proceedings of the 5th International Conference on Knowledge Capture},
	series={K-CAP 2009}, 
	month={september},
	year={2009}, 
	location={Redondo Beach, California, USA},
}
