% ------------ bigdata ------------------------------------

@article{Patterson:1988,
	author = {Patterson, David A. and Gibson, Garth and Katz, Randy H.},
	title = {A Case for Redundant Arrays of Inexpensive Disks ({RAID})},
	year = {1988},
	volume = {17},
	number = {3},
	journal = {ACM SIGMOD Record},
	month = jun,
	pages = {109--116},
}

@book{Shanley:2003,
	author={Tom Shanley},
	title={{InfiniBand} Network Architecture},
	publisher={Addison-Wesley Professional},
	year={2003},
}

@inproceedings{Weil:2006,
	author = {Weil, Sage A. and Brandt, Scott A. and Miller, Ethan L. and Long, Darrell D. E. and Maltzahn, Carlos},
	title = {Ceph: A Scalable, High-Performance Distributed File System},
	year = {2006},
	booktitle = {Proceedings of the 7th Symposium on Operating Systems Design and Implementation},
	pages = {307--320},
	location = {Seattle, USA},
	series = {OSDI ’06}
}
  
@INPROCEEDINGS{Shvachko:2010,
	author={K. {Shvachko} and H. {Kuang} and S. {Radia} and R. {Chansler}},
	booktitle={2010 IEEE 26th Symposium on Mass Storage Systems and Technologies (MSST)}, 
	title={The Hadoop Distributed File System}, 
	year={2010},
	location = {Incline Village, USA},
	pages={1--10},
}


@INPROCEEDINGS{Han:2011,
  author={ {Jing Han} and  {Haihong E} and  {Guan Le} and  {Jian Du}},
  booktitle={2011 6th International Conference on Pervasive Computing and Applications}, 
  title={Survey on NoSQL database}, 
  year={2011},
  pages={363--366},
  location={Port Elizabeth, South Africa},
}

@misc{XQuery:2017,
	editor={Jonathan Robie and Michael Dyck and Josh Spiegel},
	title={{XQuery} 3.1: An {XML} Query Language}, 
	year={2017},
	organization={W3C},
	type={recommendation},
	url={https://www.w3.org/TR/xquery-31/},
}

@article{Chang:2008,
	author = {Chang, Fay and Dean, Jeffrey and Ghemawat, Sanjay and Hsieh, Wilson C. and Wallach, Deborah A. 
		and Burrows, Mike and Chandra, Tushar and Fikes, Andrew and Gruber, Robert E.},
	title = {Bigtable: A Distributed Storage System for Structured Data},
	year = {2008},
	volume = {26},
	number = {2},
	journal = TCS,
	month = jun,
}

@inbook{Junghanns:2017,
	author={Junghanns, M. and Petermann, A. and Neumann, M. and Rahm, E.},
	title={Management and Analysis of Big Graph Data: Current Systems and Open Challenges}, 
	editor={Zomaya, A. and Sakr, S.},
       	booktitle={Handbook of Big Data Technologies},
	year={2017}, 
       	publisher={Springer, Cham},
	pages={457--505},
}

@inproceedings{Rodriguez:2015,
	author = {Rodriguez, Marko A.},
	title = {The Gremlin Graph Traversal Machine and Language (Invited Talk)},
	year = {2015},
	booktitle = {Proceedings of the 15th Symposium on Database Programming Languages},
	pages = {1--10},
	location = {Pittsburgh, USA},
	series = {DBPL 2015}
}

@inproceedings{Malewicz:2010,
	author = {Malewicz, Grzegorz and Austern, Matthew H. and Bik, Aart J.C and Dehnert, James C. 
		and Horn, Ilan and Leiser, Naty and Czajkowski, Grzegorz},
	title = {Pregel: A System for Large-Scale Graph Processing},
	year = {2010},
	booktitle = {Proceedings of the 2010 ACM SIGMOD International Conference on Management of Data},
	pages = {135--146},
	location = {Indianapolis, USA},
	series = {SIGMOD ’10}
}
@techreport{Page:1999,
          author = {Lawrence Page and Sergey Brin and Rajeev Motwani and Terry Winograd},
           title = {The PageRank Citation Ranking: Bringing Order to the Web.},
          number = {1999-66},
       publisher = {Stanford InfoLab},
           month = {November},
            year = {1999},
     institution = {Stanford InfoLab},
             url = {http://ilpubs.stanford.edu:8090/422/},
}

@article{Tian:2013,
	author = {Tian, Yuanyuan and Balmin, Andrey and Corsten, Severin Andreas and Tatikonda, Shirish and McPherson, John},
	title = {From ``Think like a Vertex'' to ``Think like a Graph''},
	journal = {Proceedings of VLDB Endowment},
	year = {2013},
	volume = {7},
	number = {3},
	month = nov,
	pages = {193–204},
}

@techreport{IEEE-POSIX,
	type = {Standard},
	key = {IEEE 1003.1-2008},
	month = dec,
	year = {2008},
	title = {{IEEE} Standard for Information Technology - Portable Operating System Interface {(POSIX(R))}},
	institution = {Institution of Electrical and Electrocics Engineers},
}

@inproceedings{Welch:2005,
	author={B. Welch},
       	title={{POSIX} {IO} extensions for {HPC}},
	booktitle={Proceedings of the 4th USENIX Conference on File and Storage Technologies (FAST)}, 
	month=dec,
       	year={2005},
	location={San Francisco, USA},
}

@inproceedings{Weil:2004,
	author = {Weil, Sage A. and Pollack, Kristal T. and Brandt, Scott A. and Miller, Ethan L.},
	title = {Dynamic Metadata Management for Petabyte-Scale File Systems},
	year = {2004},
	booktitle = {Proceedings of the 2004 ACM/IEEE Conference on Supercomputing},
	pages = {4},
	series = {SC ’04}
}

@inproceedings{Weil:2006:2,
	author = {Weil, Sage A. and Brandt, Scott A. and Miller, Ethan L. and Maltzahn, Carlos},
	title = {{CRUSH}: Controlled, Scalable, Decentralized Placement of Replicated Data},
	year = {2006},
	booktitle = {Proceedings of the 2006 ACM/IEEE Conference on Supercomputing},
	location = {Tampa, USA},
	series = {SC ’06}
}

@article{Aghayev:2020,
	author = {Aghayev, Abutalib and Weil, Sage and Kuchnik, Michael and Nelson, Mark and Ganger, Gregory R. and Amvrosiadis, George},
	title = {The Case for Custom Storage Backends in Distributed Storage Systems},
	journal = {ACM Transactions on Storage},
	volume = {16},
	number = {2},
	month = may,
	year = {2020},
}

@article{Dean:2004,
	author = {Dean, Jeffrey and Ghemawat, Sanjay},
	title = {MapReduce: Simplified Data Processing on Large Clusters},
	year = {2008},
	volume = {51},
	number = {1},
	journal = CACM,
	month = jan,
	pages = {107–113},
}

@inproceedings{Vavilapalli:2013,
	author = {Vavilapalli, Vinod Kumar and Murthy, Arun C. and Douglas, Chris and Agarwal, Sharad and Konar, Mahadev 
		and Evans, Robert and Graves, Thomas and Lowe, Jason and Shah, Hitesh and Seth, Siddharth and Saha, Bikas 
		and Curino, Carlo and O’Malley, Owen and Radia, Sanjay and Reed, Benjamin and Baldeschwieler, Eric},
	title = {Apache {Hadoop} {YARN}: Yet Another Resource Negotiator},
	year = {2013},
	booktitle = {Proceedings of the 4th Annual Symposium on Cloud Computing},
	location = {Santa Clara, USA},
	series = {SOCC ’13}
}


@article{Ghemawat:2003,
	author = {Ghemawat, Sanjay and Gobioff, Howard and Leung, Shun-Tak},
	title = {The Google File System},
	journal = {SIGOPS Operating Systems Review},
	year = {2003},
	volume = {37},
	number = {5},
	month = oct,
	pages = {29–43},
}

@inproceedings{LiuX:2014,
	author = {Liu, Xiufeng and Iftikhar, Nadeem and Xie, Xike},
	title = {Survey of Real-Time Processing Systems for Big Data},
	year = {2014},
	booktitle = {Proceedings of the 18th International Database Engineering \& Applications Symposium},
	pages = {356--361},
	location = {Porto, Portugal},
	series = {IDEAS ’14}
}

@ARTICLE{Wang:2016,
	author={J. {Wang} and Y. {Wu} and N. {Yen} and S. {Guo} and Z. {Cheng}},
	journal={IEEE Communications Surveys \& Tutorials},
	title={Big Data Analytics for Emergency Communication Networks: A Survey},
	year={2016},
	volume={18},
	number={3},
	pages={1758--1778},
}

@article{Ghofrani:2018,
	author={Faeze Ghofrani and Qing He and Rob M.P.Goverde and Xiang Liu},
	title={Recent applications of big data analytics in railway transportation systems: A survey},
	journal={Transportation Research Part C: Emerging Technologies},
	volume={90}, 
	month=may,
	year={2018}, 
	pages={226--246},
}

@article{Forman:2000,
	author = {Forman, George and Zhang, Bin},
	title = {Distributed Data Clustering Can Be Efficient and Exact},
	year = {2000},
	volume = {2},
	number = {2},
	journal = {SIGKDD Explortions Newsletter},
	month = dec,
	pages = {34--38},
}

@inproceedings{Ester:1996,
	author = {Ester, Martin and Kriegel, Hans-Peter and Sander, J\"{o}rg and Xu, Xiaowei},
	title = {A Density-Based Algorithm for Discovering Clusters in Large Spatial Databases with Noise},
	year = {1996},
	publisher = {AAAI Press},
	booktitle = {Proceedings of the Second International Conference on Knowledge Discovery and Data Mining},
	pages = {226--231},
	location = {Portland, USA},
	series = {KDD'96}
}

@article{Xu:1999,
	author={Xiaowei Xu and Jochen J\"{a}ger and Hans-Peter Kriegel},
	title={A Fast Parallel Clustering Algorithm for LargeSpatial Databases},
	journal={Data Mining and Knowledge Discovery}, 
	volume={3}, 
	pages={263--290},
	year={1999},
}

@inproceedings{Sivasubramanian:2012,
	author = {Sivasubramanian, Swaminathan},
	title = {Amazon {DynamoDB}: A Seamlessly Scalable Non-Relational Database Service},
	year = {2012},
	booktitle = {Proceedings of the 2012 ACM SIGMOD International Conference on Management of Data},
	pages = {729--730},
	location = {Scottsdale, Arizona, USA},
	series = {SIGMOD ’12}
}

@inproceedings{He:2011,
	author={Yaobin He and Haoyu Tan and Wuman Luo and Huajian Mao and Di Ma and Shengzhong Feng and Jianping Fan},
	title={{MR-DBSCAN}: An Efficient Parallel Density-based Clustering Algorithm using {MapReduce}},
	year={2011},
       	booktitle={IEEE 17th International Conference on Parallel and Distributed Systems},
	location={Tainan, China},
	pages={473--480},
}

@article{Beckmann:1990,
	author = {Beckmann, Norbert and Kriegel, Hans-Peter and Schneider, Ralf and Seeger, Bernhard},
	title = {The {R*-Tree}: An Efficient and Robust Access Method for Points and Rectangles},
	year = {1990},
	volume = {19},
	number = {2},
	journal = {SIGMOD Records},
	month = may,
	pages = {322–331},
}

@article{Nievergelt:1984,
	author = {Nievergelt, J. and Hinterberger, Hans and Sevcik, Kenneth C.},
	title = {The Grid File: An Adaptable, Symmetric Multikey File Structure},
	year = {1984},
	volume = {9},
	number = {1},
	journal = {ACM Transactions on Database Systems},
	month = mar,
	pages = {38–71},
}

@article{Silva:2013,
	author = {Silva, Jonathan A. and Faria, Elaine R. and Barros, Rodrigo C. and Hruschka, Eduardo R. 
		and Carvalho, Andr\'{e} C. P. L. F. de and Gama, Jo\~{a}o},
	title = {Data Stream Clustering: A Survey},
	journal = {ACM Computing Surveys},
	year = {2013},
	volume = {46},
	number = {1},
	month = jul,
}

@article{Zhang:1997,
	author={Tian Zhang and Raghu Ramakrishnan and Miron Livney},
	title={{BIRCH:} A New Data Clustering Algorithm and Its Applications},
	journal={Data Mining and Knowledge Discovery}, 
	volume={1}, 
	pages={141--182},
       	year={1997},
}

@article{Clarke:2002,
	author={Ian Clarke and Scott G. Miller and Theodore W. Hong and Oskar Sandberg and Brandon Wiley},
	title={Protecting Free Expression Online with {Freenet}},
	journal={IEEE Internet Computing},
	volume={6},
	number={1},
	month={January--February},
	year={2002},
	pages={40--49},
}

@article{Bandopadhyay:2006,
	author={Sanghamitra Bandyopadhyay and Chris Giannella and Ujjwal Maulik and Hillol Kargupta and Kun Liu and Souptik Datta},
	title = {Clustering distributed data streams in peer-to-peer environments},
	journal = {Information Sciences},
	volume = {176},
	number = {14},
	pages = {1952--1985},
	month=jul,
	year = {2006},
}

