@article{Allen:1983,
        author = {Allen, James F.},
        title = {Maintaining Knowledge About Temporal Intervals},
        journal = {Communications of theACM},
        volume = {26},
        number = {11},
        month = {November},
        year = {1983},
        pages = {832--843},
        publisher = {ACM},
}

@article{Freska:1992,
	author={Christian Freksa},
	title={Temporal Reasoning Based on Semi-Intervals},
	journal={Artificial Intelligence},
	volume={54},
	year={1992},
	pages={199--227},
}

@article{Papadias:2001,
 	author = {Papadias, Dimitris and Mamoulis, Nikos and Delis, Vasilis},
 	title = {Approximate Spatio-temporal Retrieval},
 	journal = {ACM Transactions on Information Systems},
 	volume = {19},
 	number = {1},
 	month = {January},
 	pages = {53--96},
 	year = {2001}
}

@inproceedings{Wattamwar:2008,
 	author = {Wattamwar, Sujal Subhash and Ghosh, Hiranmay},
 	title = {Spatio-temporal Query for Multimedia Databases},
 	booktitle = {Proceedings of the 2nd ACM Workshop on Multimedia Semantics},
 	year = {2008},
	pages = {48--55},
 	publisher = {ACM},
}

