@book{Wooldridge:2009,
	author={Michael Wooldridge},
	title={An Introduction to Multi-agent Systems},
	edition={2nd},
       	year={2009},
	publisher={John Wiley \& Co.}
}

@article{Kantamneni:2015,
	author={Abhilash Kantamneni and Laura E. Brown and Gordon Parker and Wayne W. Weaver},
	title={Survey of Multi-Agent Systems for Microgrid Control},
	journal={Engineering Applications of Artificial Intelligence},
       	volume={45},
	pages={192--203},
	year={2015},
}

@book{Shen:2001,
	author={Weiming Shen and Douglas H. Norrie and J. P. Barthes},
	title={Multi-Agent Systems for Concurrent Intelligent Design and Manufacturing},
	edition={1st},
	publisher={CRC Press},
	year={2001},
}

@article{Samanidou:2007,
	author={E Samanidou and E Zschischang and D Stauffer and T Lux},
	title={Agent-based models of financial markets},
	journal={Reports on Progress in Physics}, 
	volume={70}, 
	number={3},
	month={February},
	year={2007},
}

@article{Parker:2003,
	author={Dawn C. Parker and Steven M. Manson and Marco A. Janssen and Matthew J. Hoffmann and Peter Deadman},
	title={Multi-Agent Systems for the Simulation of Land-Use and Land-Cover Change: A Review},
	journal={Annals of the Association of American Geographers},
       	volume={93}, 
	number={2},
	year={2003}, 
	pages={314--337},
}

@inbook{Chopra:2013,
        author={Amit K. Chopra and Munindar P. Singh},
        title={Agent Communication},
        chapter={3},
        booktitle={Multi-Agent Systems},
	edition={2nd},
        editor={Gerhard Weiss},
        publisher={MIT Press},
        year={2013},
}


@inbook{Durfee:2013,
        author={Ed Durfee and Shlomo Zilberstein},
        title={Multiagent Planning, Control, and Execution},
        chapter={11},
        booktitle={Multi-Agent Systems},
	edition={2nd},
        editor={Gerhard Weiss},
        publisher={MIT Press},
        year={2013},
}


@article{Franklin:2014,
	author={Stan Franklin and Tamas Madl and Sidney D’Mello and Javier Snaider},
 	title={{LIDA}: A Systems-level Architecture for Cognition, Emotion, and Learning},
	journal={IEEE Transactions on Autonomous Mental Development},
	year={2014},
	month=mar,
	volume={6},
	number={1},
	pages={19--41},
}

@article{Ritter:2018,
	author={Frank E. Ritter and Farnaz Tehranchi and Jacob D. Oury},
	title = {{ACT‐R}: A cognitive architecture for modeling cognition},
	journal={WIRES Cognitive Science -- Wiley Online Library},
	year={2018},
}
@inproceedings{Finin:1994,
	author = {Finin, Tim and Fritzson, Richard and McKay, Don and McEntire, Robin},
	title = {KQML as an Agent Communication Language},
	year = {1994},
	booktitle = {Proceedings of the Third International Conference on Information and Knowledge Management},
	pages = {456–463},
	location = {Gaithersburg, Maryland, USA},
	series = {CIKM '94}
}

@book{Russell:2015,
	 title={Artificial Intelligence: a modern approach},
	 author={Russell, Stuart J. and Norvig, Peter},
	 edition={3},
	 year={2015},
	 publisher={Pearson}
}

@inproceedings{Lomonaco:2018,
	author={Vincenzo Lomonaco and Angelo Trotta and Marta Ziosi and Juan de Dios Y\'{a}\~{n}ez \'{A}vila 
		and Natalia D\'{i}az-Rodríguez},
	title={Intelligent Drone Swarm for Search and Rescue Operations at Sea},
	booktitle={Workshop on AI for Good, Neural Information Processing Systems}, 
	month=dec,
	year={2018},
	series={NeurIPS'2018}, 
}

@inproceedings{Shrit:2017,
	author={Omar Shrit and Steven Martin and Khaldoun Alagha and Guy Pujolle},
	title={A new approach to realize drone swarm using ad-hoc network},
	booktitle={16th Annual Mediterranean Ad Hoc Networking Workshop (Med-Hoc-Net)},
	mon=jun,
	year={2017},
}

@inbook{Ametller:2003,
	author={Joan Ametller and Sergi Robles and Joan Borrell},
	title={Agent Migration over {FIPA ACL} Messages},
	editor={Horlait, E. and Magedanz T.and Glitho, R.H.},
 	booktitle={Mobile Agents for Telecommunication Applications},
	series={MATA 2003},
	year={2003}, 
}

@inproceedings{Bellifemine:2001,
	author = {Bellifemine, Fabio and Poggi, Agostino and Rimassa, Giovanni},
	title = {{JADE}: A {FIPA2000} Compliant Agent Development Environment},
	year = {2001},
	booktitle = {Proceedings of the Fifth International Conference on Autonomous Agents},
	pages = {216--217},
	location = {Montreal, Quebec, Canada},
	series = {AGENTS '01}
}

@inbook{Bellifemine:2005,
	author={Bellifemine, F. and Bergenti, F. and Caire, G. and Poggi, A.},
	year={2005},
	title={{JADE} -- A Java Agent Development Framework},
	editor={Bordini, R.H. and Dastani, M. and Dix, J. and El Fallah Seghrouchni, A.},
	booktitle={Multi-Agent Programming: Languages, Platforms and Applications},
	volume={15}, 
	publisher={Springer}, 
	location={Boston, MA, USA},
	pages={125--147},
} 

@inbook{Lavender:1996,
	autor={G. Lavender and D. Schmidt},
	title={Active Object: An object behavioural pattern for concurrent programming},
	editor={J.M.  Vlissides and J.O. Coplien and N.L. Kerth}, 
	booktitle={Pattern Languages of Program Design},
	publisher={Addison-Wesley}, 
	location={Reading, MA, USA},
	year={1996},
}

@inproceedings{Bergenti:2014,
	author={Federico Bergenti and Giovanni Caire and Danilo Gotta},
	title={Agents on the Move: {JADE} for Android Devices},
	editor={Corrado Santoro},
	booktitle={Proceedings of the XV Workshop ``Dagli Oggetti agli Agenti''},
	series={WOA 2014}, 
	location={Catania, Italy}, 
	month=sep,
	year={2014},
	pages={25--26}, 
}

@article{Smith:1980,
	author={Reid G. Smith},
	title={The Contract Net Protocol: High-Level Communication and Control in a Distributed Problem Solver},
	journal={IEEE Transactions On Computers}, 
	volume={C-29}, 
	number={12}, 
	month=dec,
	year={1980},
	pages={1104--1113},
}
	
@article{Nwana:1996,
	author={H. S. Nwana and L. Lee and N. R. Jennings},
	title={Co-ordination in software agent systems},
	journal={BT Technology Journal},
	volume={14},
	number={4},
	month=oct,
	year={1996},
	pages={79--89},
}

@article{Kraus:1987,
	author={Sarit Kraus},
	title={Negotiation and cooperation in multi-agent environments},
	journal={Artificial Intelligence},
	volume={94},
	year={1997},
	pages={79--97},
}

@techreport{Jansen:1999,
	author={Wayne Jansen and Tom Karygiannis},
	title={Mobile Agent Security},
	institution={National Institute of Standards and Technology, Computer Security Division},
	number={SP 800-19},
	month=oct,
	year={1999},

}

@article{Jansen:2000,
	author={Wayne A. Jansen},
	title={Countermeasures for mobile agent security},
	journal={Computer Communications},
	volume={23}, 
	number={17}, 
	month=nov,
	year={2000}, 
	pages={1667--1676},
}

@article{Chen:2006,
	author={Bo Chen and Harry H. Cheng and Joe Palen},
	title={{Mobile‐C}: a mobile agent platform for mobile {C/C++} agents},
	journal={Journal of Software Practice and Experience},
	volume={36}, 
	number={15},
	month=dec,
	year={2006},
	pages={1711--1733},
}


@book{Maschler:2013,
    	author={Michael Maschler and Eilon Solan and Shmuel Zamir},
	title={Game Theory},
	publisher={Cambridge University Press},
	year={2013}
}

@article{Ghosh:2008,
	author={Ghosh, Hiranmay and Harit, Gaurav and Chaudhury, Santanu},
	title={Using ontology for building distributed digital libraries with multimedia contents},
	journal={World Digital Libraries - An international journal}, 
	volume={1}, 
	number={2}, 
	pages={83--100}, 
	year={2008},
}

@inbook{Chaudhury:2011,
	author={Santanu Chaudhury and Hiranmay Ghosh},
	title={Ontology based Access of Heritage Artifacts on the Web},
	editors={B.B. Chaudhuri and U. Munshi},
	booktitle={Multimedia Information Extraction and Digital Heritage Preservation},
	publisher={World Scientific Pub Co. Inc.},
	year={2011}
}

@book{Chaudhury:2015,
	author={Santanu Chaudhury and Anupama Mallik and Hiranmay Ghosh},
	title={Multimedia Ontology: Representation and Applications},
	publisher={CRC Press},
	year={2015},
}

@inproceedings{Jennings:1996,
	author={Jennings, N. R. and Faratin, P. and Johnson, M. J. and O'Brien, P. and Wiegand, M. E.},
	title={Using Intelligent Agents to Manage Business Processes},
	booktitle={Proceedings of 1st Int. Conf. on The Practical Application of Intelligent Agents and Multi-Agent Technology}, 
	location={London, United Kingdom},
	pages={345--360},
	year={1996},
} 

@inproceedings{Chaabane:2015,
	author={Emna Karoui Chaabane and Khaled Gh\'{e}dira and Sameh Hadouaj},
	title={Distributed Government Architecture Based on Intelligent Agents and Web Services},
	booktitle={Proceedings of IEEE/WIC/ACM International Conference on Web Intelligence and Intelligent Agent Technology},
	series={WI-IAT 2015},
	location={Singapore},
	year={2015}, 
}

@article{Chen:2020,
	author={Yuxiao Chen and Ugo Rosolia and Aaron D. Ames},
	title={Decentralized Task and Path Planning for Multi-Robot Systems},
	journal=CoRR,
	month=nov,
	year={2020},
}

@article{Kim:2020,
	author={Yuxiao Chen and Ugo Rosolia and Aaron D. Ames},
	title={{CarnegiePLUG:} Prosumer-in-the-Loop simUlation Grid},
	journal=CoRR,
	month=may,
	year={2020},
}

@article{Shen:2006,
	author={Weiming Shen and Qi Hao and Hyun Joong Yoon and Douglas H. Norrie},
	title={Applications of agent-based systems in intelligent manufacturing: An updated review},
	booktitle={Advanced Engineering Informatics},
	volume={20}, 
	number={4}, 
	month=oct,
	year={2006}, 
	pages={415--431},
}

@inbook{Davidsson:2007,
	author={Paul Davidsson and Johan Holmgren and Hans Kyhlb\"{a}ck and Dawit Mengistu and Marie Persson},
	title={Applications of Agent Based Simulation},
	edirtor={Antunes, L. and Takadama, K.},
	booktitle={Multi-Agent-Based Simulation VII}, 
	publisher={Springer},
	year={2007},
}

@article{Mallik:2011,
	author={Anupama Mallik and Santanu Chaudhury and Hiranmay Ghosh},
	title={Nrityakosha : Preserving the Intangible Heritage of Indian Classical Dance},
	journal={ACM Journal of Computing and Cultural Heritage},
	volume={4},
	number={3}, 
	month=dec,
	year={2011},
}

@article{Ghosh:2004,
	author={Hiranmay Ghosh and Santanu Chaudhury},
	title={Distributed and Reactive Query Planning in {R-MAGIC}: An Agent based Multimedia Retrieval System},
	journal={IEEE Transactions on  Knowledge and Data Engineering}, 
	volume={16},
	number={9}, 
	month=sep,
	year={2004},
}

@inbook{Jonker:1999,
	author={Catholijn M. Jonker and Jan Treur},
 	title={Information Broker Agents in Intelligent Websites},
	editor={Imam, I. and Kodratoff, Y. and El-Dessouki, A. and Ali, M.}
	booktitle={Multiple Approaches to Intelligent Systems. IEA/AIE 1999}. 
	series={Lecture Notes in Computer Science}, 
	volume={1611}, 
	pages={430--439},
	year={1999},
}

@misc{Martin:1997,
    author = {David Martin and Hiroki Oohama and Douglas Moran and Adam Cheyer},
    title = {Information Brokering in an Agent Architecture},
    year = {1997},
}

@article{Dorigo:2006,
	author={Marco Dorigo and Mauro Birattari and Thomas St\"{u}tzle},
	title={Ant Colony Optimization: Artificial Ants as a Computational Intelligence Technique},
	journal={IEEE Computational Intelligence Magazine},
	volume={1},
	number={4},
	month=nov,
	year={2006},
	pages={28--39}
} 

@article{Heylighen:2016, 
	author = {Francis Heylighen},
	title = {Stigmergy as a universal coordination mechanism I: Definition and components},
	journal = {Cognitive Systems Research},
	volume = {38},
	pages = {4--13},
	year = {2016},
}

@book{Austin:1975,
	author={Austin, John L.},
	title={How To Do Things With Words},
	year={1975},
	publisher={Harvard University Press},
}
